@program{NWPUThesisLaTeXTemplate,
title={LaTeX-Template-For-NPU-Thesis},
author={Shangkun Shen},
year={2016},
month={05}}

@misc{MathSymbolsinLaTeXbypolossk,
    title={Math-Symbols-in-LaTeX},
    author={Shangkun Shen},
    year={2017},
    month={10}}